=LDR  01089 as a22003373  4500
=001  007897137
=003  Uk
=005  20211018153421.0
=008  040417m\\\\\\\\|||a|||||||||||||||0eng\\
=022  \\$a1362-4571
=042  \\$axissn
=222  \0$aNew country
=245  00$aNew country.
=336  \\$atext$2rdacontent
=337  \\$aunmediated$2rdamedia
=338  \\$avolume$2rdacarrier
=883  0\$aLanguage codes assigned by Bayesian analysis of words present in record$d20210115$qUk$c0.9450
=985  \\$aSuppressed 20/8/96 Double assignment with1086-1076, not Uk pub.
=A02  \\$a1069445$z69445
=CAT  \\$aCONV$b00$c20040425$lBLL90$h0713
=CAT  \\$aCONV$b00$c20040502$lBLL01$h1234
=CAT  \\$aBATCH$b00$c20091208$lBLL01$h0315
=CAT  \\$aBATCH$b00$c20091214$lBLL01$h0320
=CAT  \\$aBATCH$b00$c20091216$lBLL01$h0101
=CAT  \\$aW2102-0046$b00$c20210423$lBLL01$h1823
=CAT  \\$a8124$b40$c20211018$lBLL01$h1534
=FMT  \\$a  SE
=LAS  \\$a8124$b40$c20211018$lBLL01$h1534
=SRC  \\$aDSS04$bbibld.200404.2.aa
=STA  \\$aSUPPRESSED$bISSN
=TCO  \\$aZZZ$c008

