=LDR  03530cas a22008053i 4500
=001  010190215
=003  Uk
=005  20221231193809.0
=007  ta
=008  770421d19731978enkar\\\\s\\\\0\\\a0eng\\
=022  0\$a0309-6238$202
=040  \\$aUk$cUk$dUk
=042  \\$aissnul
=082  04$a301.540942$218
=210  0\$aHous. stat. Engl. Wales. Part 2. Hous. revenue acc.
=222  \0$aHousing statistics. England and Wales. Part 2. Housing revenue account
=245  00$aHousing statistics. England and Wales. Part 2. Housing revenue account
=246  30$aHousing revenue account
=260  \\$aLondon :$bChartered Institute of Public Finance and Accountancy,$c1975-1978.
=336  \\$atext$2rdacontent
=337  \\$aunmediated$2rdamedia
=338  \\$avolume$2rdacarrier
=362  0\$a1973/74-1977/78.
=540  \\$aCurrent Copyright Fee: GBP25.00$c0$5Uk
=650  \0$aHousing$zEngland$xStatistics.
=780  00$tHousing statistics. England and Wales. Part 2. Housing revenue and repairs accounts$x0307-1316
=785  00$tHousing revenue account statistics. Actuals$x0260-4078
=787  0\$tHousing statistics. England and Wales. Part 1. Rents, rebates and allowances$x0307-1308
=886  2\$2blmarc$a785$b06$tHousing statistics. England and Wales. Housing revenue account estimates
=ACF  \\$aPrevious Copyright Fee: GBP6.00$c0$e01-oct-2008$fGBP6.00$g0$hC$5Uk
=ACF  \\$aPrevious copyright fee: GBP10.50$c0$e01-jan-2011$fGBP10.50$g0$hA$5Uk
=ACF  \\$aPrevious copyright fee: GBP12.00$c0$e01-jan-2012$fGBP12.00$g0$hA$5Uk
=ACF  \\$aPrevious Copyright Fee: GBP12.30$c0$e01-jan-2014$fGBP12.30$g0$hA$5Uk
=ACF  \\$aPrevious Copyright Fee: GBP15.00$c0$e01-jan-2017$fGBP15.00$g0$hA$5Uk
=ACF  \\$aPrevious Copyright Fee: GBP17.50$c0$e01-jan-2018$fGBP17.50$g0$hA$5Uk
=ACF  \\$aPrevious Copyright Fee: GBP20.00$c0$e01-jan-2020$fGBP20.00$g0$hA$5Uk
=CAT  \\$aCONV$b00$c20040425$lBLL90$h0849
=CAT  \\$aCONV$b00$c20040502$lBLL01$h1351
=CAT  \\$aglobal_upd$b40$c20060417$lBLL01$h1733
=CAT  \\$aBATCH-CLA$b00$c20080829$lBLL01$h1848
=CAT  \\$aBATCH-UPD$b00$c20080930$lBLL01$h2341
=CAT  \\$aBATCH$b00$c20081001$lBLL01$h0100
=CAT  \\$aBATCH$b00$c20091210$lBLL01$h0035
=CAT  \\$aBATCH-UPD$b00$c20101201$lBLL01$h1229
=CAT  \\$aIPL-CLA$c20101231$lBLL01$h1333
=CAT  \\$aWR11_203$c20111204$lBLL01$h1401
=CAT  \\$aIPL-CLA$c20111230$lBLL01$h1833
=CAT  \\$aBATCH-CLA$b00$c20121105$lBLL01$h1748
=CAT  \\$aBATCH-CLA$c20131218$lBLL01$h2240
=CAT  \\$aIPL-CLA$c20131231$lBLL01$h2100
=CAT  \\$a6537$b40$c20140113$lBLL01$h1415
=CAT  \\$aBATCH-CLA$b00$c20161222$lBLL01$h1729
=CAT  \\$aIPL-CLA$c20161230$lBLL01$h1932
=CAT  \\$aBATCH-CLA$b00$c20171222$lBLL01$h2032
=CAT  \\$aIPL-CLA$c20171231$lBLL01$h1503
=CAT  \\$aBATCH-CLA$b00$c20191219$lBLL01$h1654
=CAT  \\$aIPL-CLA$c20191231$lBLL01$h1819
=CAT  \\$aR2001-1524$c20200127$lBLL01$h1941
=CAT  \\$aBATCH-CLA$b00$c20201204$lBLL01$h1452
=CAT  \\$aIPL-CLA$c20201231$lBLL01$h2027
=CAT  \\$aBATCH-CLA$b00$c20221221$lBLL01$h1758
=CAT  \\$aIPL-CLA$c20221231$lBLL01$h1938
=CFI  0\$aCurrent Copyright Fee: GBP25.00$c0$e01-jan-2023$fGBP25.00$g0$hA$5Uk
=CFI  2\$aPrevious Copyright Fee: GBP22.50$c0$e01-jan-2021$fGBP22.50$g0$hA$5Uk
=FIN  \\$aY
=FMT  \\$a  SE
=LAS  \\$aIPL-CLA$b00$c20221231$lBLL01$h1938
=LEO  \\$aMP22.0000022211
=SRC  \\$aISN01$bbibmp22.200404.2.aa
=TCO  \\$aCLA$bCLA$c008

