=LDR  00983cas a22003378i 4500
=001  012900837
=003  Uk
=005  20221124091029.0
=007  ta
=008  040419c19979999enkwr\p\\\\\\\0\\\a0eng\\
=022  0\$a1366-9761$202
=040  \\$aUk$beng$cUk$erda
=042  \\$azxissnuk
=222  \0$aAmerican sports weekly
=245  00$aAmerican sports weekly.
=263  \\$a199701
=264  \1$aColchester :$bThe American
=310  \\$aWeekly
=336  \\$atext$2rdacontent
=337  \\$aunmediated$2rdamedia
=338  \\$avolume$2rdacarrier
=985  \\$aISSN SUPPRESSED. No evidence of publication 20221124
=985  \\$aISSN record only. Do not merge. Do not add items.
=CAT  \\$a8323$b40$c20040419$lTMP01$h1534
=CAT  \\$aEXLIBRIS$c20040606$lBLL01$h1132
=CAT  \\$a11130$b40$c20160330$lBLL01$h1055
=CAT  \\$a15061$b40$c20221124$lBLL01$h0910
=FMT  \\$a  SE
=LAS  \\$a15061$b40$c20221124$lBLL01$h0910
=STA  \\$aSUPPRESSED$bISSN
=TCO  \\$aCLA$bCLA$c008

