=LDR  00972cas a22003378i 4500
=001  012904111
=003  Uk
=005  20221206140752.0
=007  ta
=008  040423c19979999enkar\p\\\\\\\0\\\a0eng\\
=022  0\$a1369-8125$202
=040  \\$aUk$beng$cUk$erda
=042  \\$axissnuik
=222  \0$aCC TOP despatch
=245  00$aCC TOP despatch.
=263  \\$a199709
=264  \1$aLondon :$bGoldsmiths College
=310  \\$aAnnual
=336  \\$atext$2rdacontent
=337  \\$aunmediated$2rdamedia
=338  \\$avolume$2rdacarrier
=985  \\$aISSN SUPPRESSED. No evidence of publication 20221206
=985  \\$aISSN record only. Do not merge. Do not add items.
=CAT  \\$a11194$b40$c20040423$lTMP01$h1409
=CAT  \\$aEXLIBRIS$c20040606$lBLL01$h1132
=CAT  \\$a11130$b40$c20141031$lBLL01$h0924
=CAT  \\$a15061$b40$c20221206$lBLL01$h1407
=FMT  \\$a  SE
=LAS  \\$a15061$b40$c20221206$lBLL01$h1407
=STA  \\$aSUPPRESSED$bISSN
=TCO  \\$aCLA$bCLA$c008

