=LDR  00916 as a22003138a 4500
=001  012904971
=003  Uk
=005  20200720153905.0
=008  040426c19959999enkqu\\\\\\\\\0\\\a0eng\\
=022  \\$a1359-0065$202
=040  \\$aUk$beng$cUk
=042  \\$axissuk
=222  \0$aCinema at home
=245  00$aCinema at home.
=260  \\$aBridport :$bJohn Williams
=263  \\$a199509
=310  \\$aQuarterly
=336  \\$atext$2rdacontent
=337  \\$aunmediated$2rdamedia
=338  \\$avolume$2rdacarrier
=985  \\$aISSN Suppressed 20.07.2020. No evidence of publication
=985  \\$aISSN record only. Please do not merge this record. Do not add items
=CAT  \\$a8201$b40$c20040426$lTMP01$h1433
=CAT  \\$aEXLIBRIS$c20040606$lBLL01$h1132
=CAT  \\$a5466$b40$c20200720$lBLL01$h1539
=FMT  \\$a  SE
=LAS  \\$a5466$b40$c20200720$lBLL01$h1539
=STA  \\$aSUPPRESSED$bISSN
=TCO  \\$aCLA$bCLA$c008

