=LDR  01068cas a22003378a 4500
=001  012909299
=003  Uk
=005  20220321071802.0
=007  ta
=008  040504c19959999xxkmr\p\\\\\\\0\\\a0eng\\
=022  0\$a1358-958X$202
=040  \\$aUk$beng$cUk
=042  \\$axissnk
=222  \0$aGas$b(qualify)
=245  00$aGas.
=260  \\$aRedditch :$bWorcestershire Youth
=336  \\$atext$2rdacontent
=337  \\$aunmediated$2rdamedia
=338  \\$avolume$2rdacarrier
=985  \\$aISSN Suppressed 21.03.2022. No evidence of publication
=985  \\$aISSN record only. Please do not merge this record. Do not add items
=985  \\$aISSN Suppressed 21.03.2022. No evidence of publication
=985  \\$aISSN record only. Please do not merge this record. Do not add items
=CAT  \\$a8124$b40$c20040504$lTMP01$h1305
=CAT  \\$aEXLIBRIS$c20040606$lBLL01$h1133
=CAT  \\$a5466D$b40$c20220321$lBLL01$h0718
=FMT  \\$a  SE
=LAS  \\$a5466D$b40$c20220321$lBLL01$h0718
=STA  \\$aSUPPRESSED$bISSN
=STA  \\$aSUPPRESSED$bISSN
=TCO  \\$aCLA$bCLA$c008

