=LDR  01125cas a22003618a 4500
=001  012913071
=003  Uk
=005  20230626122207.0
=007  ta
=008  040510d20002012enka|\\\\\\\\\0\\\a0eng\\
=022  0\$a1470-465X$202
=040  \\$aUk$beng$cUk
=042  \\$axssnuk
=222  \0$aInternational who's who of real estate lawyers
=245  00$aInternational who's who of real estate lawyers.
=260  \\$aLondon :$bLaw Business Research
=263  \\$a200003
=310  \\$aAnnual
=336  \\$atext$2rdacontent
=337  \\$aunmediated$2rdamedia
=338  \\$avolume$2rdacarrier
=985  \\$aISSN UK Centre: ISSN suppressed - copy not received.
=985  \\$aISSN RECORD ONLY. DO NOT MERGE. DO NOT ADD ITEMS.
=CAT  \\$a9604$b40$c20040510$lTMP01$h1152
=CAT  \\$aEXLIBRIS$c20040606$lBLL01$h1133
=CAT  \\$a6971$b40$c20080318$lBLL01$h1144
=CAT  \\$a7764$b40$c20210222$lBLL01$h1628
=CAT  \\$a10973$b40$c20230626$lBLL01$h1221
=CAT  \\$a10973$b40$c20230626$lBLL01$h1222
=FMT  \\$a  SE
=LAS  \\$a10973$b40$c20230626$lBLL01$h1222
=STA  \\$aSUPPRESSED$bISSN
=TCO  \\$aCLA$bCLA$c008

