=LDR  00999cas a22003378a 4500
=001  012915912
=003  Uk
=005  20230308085530.0
=007  ta
=008  040512c20009999enkt|\\\\\\\\\0\\\a0eng\\
=022  0\$a1470-9791$202
=040  \\$aUk$beng$cUk
=042  \\$aXISSNUK
=222  \0$aMillennium anthology
=245  00$aMillennium anthology.
=260  \\$aPlymouth :$bVictoria Road Primary School
=263  \\$a200005
=310  \\$aThree issues yearly
=336  \\$atext$2rdacontent
=337  \\$aunmediated$2rdamedia
=338  \\$avolume$2rdacarrier
=985  \\$aISSN SUPPRESSED. No evidence of publication 08/03/23
=985  \\$aISSN record only. Do not merge. Do not add items.
=CAT  \\$a9604$b40$c20040512$lTMP01$h1445
=CAT  \\$aEXLIBRIS$c20040606$lBLL01$h1133
=CAT  \\$a6971$b40$c20080312$lBLL01$h1639
=CAT  \\$a15061$b40$c20230308$lBLL01$h0855
=FMT  \\$a  SE
=LAS  \\$a15061$b40$c20230308$lBLL01$h0855
=STA  \\$aSUPPRESSED$bISSN
=TCO  \\$aCLA$bCLA$c008

