=LDR  01246cas a22003378a 4500
=001  012916100
=003  Uk
=005  20230227152940.0
=007  ta
=008  040512c19999999enker\\\\\\\\\0\\\a0eng\\
=022  0\$a1467-3126$202
=040  \\$aUk$beng$cUk
=042  \\$axissnuik
=222  \0$aIndustry and technology patents profiles - Instrumentation and testing. Scientific instrumentation, applications to materials, substances and properties
=245  00$aIndustry and technology patents profiles - Instrumentation and testing.$pScientific instrumentation, applications to materials, substances and properties.
=260  \\$aLondon :$bDerwent Information
=263  \\$a199909
=310  \\$aFortnightly
=336  \\$atext$2rdacontent
=337  \\$aunmediated$2rdamedia
=338  \\$avolume$2rdacarrier
=985  \\$aISSN SUPPRESSED. No evidence of publication 27/02/23
=985  \\$aISSN record only. Do not merge. Do not add items.
=CAT  \\$a8483$b40$c20040512$lTMP01$h1624
=CAT  \\$aEXLIBRIS$c20040606$lBLL01$h1133
=CAT  \\$a6971$b40$c20080522$lBLL01$h1555
=CAT  \\$a15061$b40$c20230227$lBLL01$h1529
=FMT  \\$a  SE
=LAS  \\$a15061$b40$c20230227$lBLL01$h1529
=STA  \\$aSUPPRESSED$bISSN
=TCO  \\$aCLA$bCLA$c008

