=LDR  00977cas a22003378a 4500
=001  012917664
=003  Uk
=005  20230630072027.0
=007  ta
=008  040517c20049999enkm|\\\\\\\\\0\\\a0eng\\
=022  0\$a1743-0143$202
=040  \\$aUk$beng$cUk
=042  \\$axiss-nuk
=222  \0$aNationwide construction
=245  00$aNationwide construction.
=260  \\$aStockport :$bNJD Media.
=263  \\$a200405
=310  \\$aMonthly
=336  \\$atext$2rdacontent
=337  \\$aunmediated$2rdamedia
=338  \\$avolume$2rdacarrier
=985  \\$aISSN SUPPRESSED. No evidence of publication 30/06/23
=985  \\$aISSN record only. Do not merge. Do not add items.
=CAT  \\$a8323$b40$c20040517$lTMP01$h1000
=CAT  \\$aEXLIBRIS$c20040606$lBLL01$h1134
=CAT  \\$a6971$b40$c20071126$lBLL01$h0941
=CAT  \\$a15061$b40$c20230630$lBLL01$h0720
=FMT  \\$a  SE
=LAS  \\$a15061$b40$c20230630$lBLL01$h0720
=STA  \\$aSUPPRESSED$bISSN
=TCO  \\$aCLA$bCLA$c008

