=LDR  00968cas a22003378a 4500
=001  012918783
=003  Uk
=005  20230316121001.0
=007  ta
=008  040518c20019999enkm|\\\\\\\\\0\\\a0eng\\
=022  0\$a1473-8732$202
=040  \\$aUk$beng$cUk
=042  \\$aXISSNUK
=222  \0$aParent$b(Qualify)
=245  00$aParent.
=260  \\$aHaywards Heath :$bConquest Media Group
=263  \\$a200108
=310  \\$aMonthly
=336  \\$atext$2rdacontent
=337  \\$aunmediated$2rdamedia
=338  \\$avolume$2rdacarrier
=985  \\$aISSN SUPPRESSED. No evidence of publication 16/03/23
=985  \\$aISSN record only. Do not merge. Do not add items.
=CAT  \\$a8323$b40$c20040518$lTMP01$h1144
=CAT  \\$aEXLIBRIS$c20040606$lBLL01$h1134
=CAT  \\$a6971$b40$c20080219$lBLL01$h1109
=CAT  \\$a15061$b40$c20230316$lBLL01$h1210
=FMT  \\$a  SE
=LAS  \\$a15061$b40$c20230316$lBLL01$h1210
=STA  \\$aSUPPRESSED$bISSN
=TCO  \\$aCLA$bCLA$c008

