=LDR  00961cas a22003378a 4500
=001  012921865
=003  Uk
=005  20230313142319.0
=007  ta
=008  040521c20009999enkm|\\\\\\\\\0\\\a0eng\\
=022  0\$a1472-4219$202
=040  \\$aUk$beng$cUk
=042  \\$axissuk
=222  \0$aFairplay UK
=245  00$aFairplay UK.
=260  \\$aAllestree :$bBrennan Publications
=263  \\$a200010
=310  \\$aMonthly
=336  \\$atext$2rdacontent
=337  \\$aunmediated$2rdamedia
=338  \\$avolume$2rdacarrier
=985  \\$aISSN SUPPRESSED. No evidence of publication 13/03/23
=985  \\$aISSN record only. Do not merge. Do not add items.
=CAT  \\$a2941$b40$c20040521$lTMP01$h1649
=CAT  \\$aEXLIBRIS$c20040606$lBLL01$h1134
=CAT  \\$a6971$b40$c20080228$lBLL01$h1403
=CAT  \\$a15061$b40$c20230313$lBLL01$h1423
=FMT  \\$a  SE
=LAS  \\$a15061$b40$c20230313$lBLL01$h1423
=STA  \\$aSUPPRESSED$bISSN
=TCO  \\$aCLA$bCLA$c008

