=LDR  01002cas a22003378a 4500
=001  012924162
=003  Uk
=005  20230628135320.0
=007  ta
=008  040525c20039999enkq|\\\\\\\\\0\\\a0eng\\
=022  0\$a1742-3856$202
=040  \\$aUk$beng$cUk
=042  \\$aXISSNUK
=222  \0$aTop gear used car buyers guide
=245  00$aTop gear used car buyers guide.
=260  \\$aPeterborough :$b[BBC Frontline].
=263  \\$a200312
=310  \\$aQuarterly
=336  \\$atext$2rdacontent
=337  \\$aunmediated$2rdamedia
=338  \\$avolume$2rdacarrier
=985  \\$aISSN SUPPRESSED. No evidence of publication 28/06/23
=985  \\$aISSN record only. Do not merge. Do not add items.
=CAT  \\$a11194$b40$c20040525$lTMP01$h1410
=CAT  \\$aEXLIBRIS$c20040606$lBLL01$h1134
=CAT  \\$a6971$b40$c20071122$lBLL01$h1038
=CAT  \\$a15061$b40$c20230628$lBLL01$h1353
=FMT  \\$a  SE
=LAS  \\$a15061$b40$c20230628$lBLL01$h1353
=STA  \\$aSUPPRESSED$bISSN
=TCO  \\$aCLA$bCLA$c008

