=LDR  00993cas a22003378i 4500
=001  012924269
=003  Uk
=005  20230117122732.0
=007  ta
=008  040525c19989999enkmr\p\\\\\\\0\\\a0eng\\
=022  0\$a1462-737X$202
=040  \\$aUk$beng$cUk$erda
=042  \\$azxissnuk
=222  \0$aTrial & error$b(Qualify)
=245  00$aTrial & error.
=263  \\$a199805
=264  \1$aRichmond :$bBrookwood Medical Publications
=310  \\$aMonthly
=336  \\$atext$2rdacontent
=337  \\$aunmediated$2rdamedia
=338  \\$avolume$2rdacarrier
=985  \\$aISSN SUPPRESSED. No evidence of publication 17/01/23
=985  \\$aISSN record only. Do not merge. Do not add items.
=CAT  \\$a8124$b40$c20040525$lTMP01$h1430
=CAT  \\$aEXLIBRIS$c20040606$lBLL01$h1134
=CAT  \\$a11130$b40$c20131014$lBLL01$h1413
=CAT  \\$a15061$b40$c20230117$lBLL01$h1227
=FMT  \\$a  SE
=LAS  \\$a15061$b40$c20230117$lBLL01$h1227
=STA  \\$aSUPPRESSED$bISSN
=TCO  \\$aCLA$bCLA$c008

