=LDR  00972cas a22003258a 4500
=001  012925912
=003  Uk
=005  20230516124739.0
=007  ta
=008  040527c199u9999enkuu\p\\\\\\\0\\\a0eng\\
=022  \\$a1477-6987$202
=040  \\$aUk$beng$cUk
=042  \\$axisssnuk
=222  \0$aVirasat$b(Qualify)
=245  00$aVirasat.
=260  \\$aLondon :$bMultimedia International and Research Marketing (UK)
=263  \\$a199606
=336  \\$atext$2rdacontent
=337  \\$aunmediated$2rdamedia
=338  \\$avolume$2rdacarrier
=985  \\$aISSN SUPPRESSED. No evidence of publication 16/05/23
=985  \\$aISSN record only. Do not merge. Do not add items.
=CAT  \\$a6537$b40$c20040527$lTMP01$h0739
=CAT  \\$aEXLIBRIS$c20040606$lBLL01$h1134
=CAT  \\$a11205$b40$c20211007$lBLL01$h1555
=CAT  \\$a15061$b40$c20230516$lBLL01$h1247
=FMT  \\$a  SE
=LAS  \\$a15061$b40$c20230516$lBLL01$h1247
=STA  \\$aSUPPRESSED$bISSN
=TCO  \\$aCLA$bCLA$c008

