=LDR  00969cas a22003378a 4500
=001  012927081
=003  Uk
=005  20230411102906.0
=007  ta
=008  040528c20029999enkq|\\\\\\\\\0\\\a0eng\\
=022  0\$a1476-3885$202
=040  \\$aUk$beng$cUk
=042  \\$aXISSNUK
=222  \0$aXXX video special
=245  00$aXXX video special.
=260  \\$aLondon :$bSelect Media Ltd
=263  \\$a200201
=310  \\$aQuarterly
=336  \\$atext$2rdacontent
=337  \\$aunmediated$2rdamedia
=338  \\$avolume$2rdacarrier
=985  \\$aISSN SUPPRESSED. No evidence of publication 11/04/23
=985  \\$aISSN record only. Do not merge. Do not add items.
=CAT  \\$a6537$b40$c20040528$lTMP01$h0950
=CAT  \\$aEXLIBRIS$c20040606$lBLL01$h1135
=CAT  \\$a6971$b40$c20080124$lBLL01$h1656
=CAT  \\$a15061$b40$c20230411$lBLL01$h1029
=FMT  \\$a  SE
=LAS  \\$a15061$b40$c20230411$lBLL01$h1029
=STA  \\$aSUPPRESSED$bISSN
=TCO  \\$aCLA$bCLA$c008

