=LDR  00990cas a22003258a 4500
=001  012927655
=003  Uk
=005  20220630094255.0
=007  ta
=008  040528c19969999xxkuu\p\\\\\\\0\\\a0eng\\
=022  \\$a1361-5335$202
=040  \\$aUk$beng$cUk
=042  \\$axisssnuk
=222  \0$aTwo blue adults only special
=245  00$aTwo blue adults only special.
=263  \\$a199608
=264  \0$aGalaxy Publications :$bWitham
=336  \\$atext$2rdacontent
=337  \\$aunmediated$2rdamedia
=338  \\$avolume$2rdacarrier
=985  \\$aISSN Suppressed 30.06.2022. No evidence of publication
=985  \\$aISSN record only. Please do not merge this record. Do not add items
=CAT  \\$a6537$b40$c20040528$lTMP01$h1531
=CAT  \\$aEXLIBRIS$c20040606$lBLL01$h1135
=CAT  \\$a5466D$b40$c20220630$lBLL01$h0941
=CAT  \\$a5466D$b40$c20220630$lBLL01$h0942
=FMT  \\$a  SE
=LAS  \\$a5466D$b40$c20220630$lBLL01$h0942
=STA  \\$aSUPPRESSED$bISSN
=TCO  \\$aCLA$bCLA$c008

