=LDR  01021cas a22003498i 4500
=001  012928810
=003  Uk
=005  20221213122133.0
=006  m\\\\\\\\d\|\\\\\\
=007  co||||||||||||
=008  040602c19979999enkmr\p\\\\\\\0\\\a0eng\\
=022  0\$a1460-079X$202
=040  \\$aUk$beng$cUk$erda
=042  \\$axssnuk
=222  \0$aWorld pharmaceutical markets$b(CD-ROM)
=245  00$aWorld pharmaceutical markets
=263  \\$a199709
=264  \1$aChichester :$bEspicom
=310  \\$aMonthly
=336  \\$atext$2rdacontent
=337  \\$acomputer$2rdamedia
=338  \\$acomputer disc$2rdacarrier
=985  \\$aISSN UK Centre: suppressed, no copy received.
=985  \\$aISSN RECORD ONLY. DO NOT MERGE.
=CAT  \\$a9604$b40$c20040602$lTMP01$h1315
=CAT  \\$aEXLIBRIS$c20040606$lBLL01$h1135
=CAT  \\$a11130$b40$c20141031$lBLL01$h1108
=CAT  \\$a10973$b40$c20221213$lBLL01$h1221
=FMT  \\$a  SE
=LAS  \\$a10973$b40$c20221213$lBLL01$h1221
=STA  \\$aSUPPRESSED$bISSN
=TCO  \\$aCLA$bCLA$c008

