=LDR  01018cas a22003378a 4500
=001  013217338
=003  Uk
=005  20230706091359.0
=007  ta
=008  050609c20059999enkbr\p\\\\\\\0\\\a0eng\\
=022  0\$a1747-8383$202
=040  \\$aUk$beng$cUk
=042  \\$aXISSNUK
=222  \0$aCommonwealth business$b(Print)
=245  00$aCommonwealth business (Print).
=260  \\$aLondon :$bCommonwealth Business Council.
=263  \\$a200507
=310  \\$aBimonthly
=336  \\$atext$2rdacontent
=337  \\$aunmediated$2rdamedia
=338  \\$avolume$2rdacarrier
=710  2\$aCommonwealth Business Council.
=776  0\$tCommonwealth business$c(Online)$x1747-8391
=985  \\$aISSN SUPPRESSED. No evidence of publication 06/07/23
=985  \\$aISSN record only. Do not merge. Do not add items.
=CAT  \\$a8870$b40$c20050609$lBLL01$h0856
=CAT  \\$a15061$b40$c20230706$lBLL01$h0913
=FMT  \\$a  SE
=LAS  \\$a15061$b40$c20230706$lBLL01$h0913
=STA  \\$aSUPPRESSED$bISSN
=TCO  \\$aCLA$bCLA$c008

