=LDR  00935cas a22003138a 4500
=001  013252296
=003  Uk
=005  20230707102734.0
=007  ta
=008  050714c20069999enkar\\\\\\\\\0\\\a0eng\\
=022  0\$a1748-314X$202
=040  \\$aUk$beng$cUk
=042  \\$azxissnuk
=222  \4$aThe Hobsons UK study abroad and undergraduate program
=245  04$aThe Hobsons UK study abroad and undergraduate program.
=260  \\$aLondon :$bHobsons.
=263  \\$a200609
=310  \\$aAnnual
=336  \\$atext$2rdacontent
=337  \\$aunmediated$2rdamedia
=338  \\$avolume$2rdacarrier
=985  \\$aISSN SUPPRESSED. No evidence of publication 07/07/23
=985  \\$aISSN record only. Do not merge. Do not add items.
=CAT  \\$a9570$b40$c20050714$lBLL01$h1032
=CAT  \\$a15061$b40$c20230707$lBLL01$h1027
=FMT  \\$a  SE
=LAS  \\$a15061$b40$c20230707$lBLL01$h1027
=STA  \\$aSUPPRESSED$bISSN
=TCO  \\$aCLA$bCLA$c008

