=LDR  04732cas a22009738a 4500
=001  013466067
=003  Uk
=005  20230210010452.0
=007  ta
=008  060511c20069999enkm\\\\\\\\\\0\\\a0eng\\
=022  0\$a1750-7189
=040  \\$aUk$beng$cUk
=042  \\$axissnk
=222  \0$aQuality today (Swanley)
=245  00$aQuality today.
=260  \\$aSwanley :$bHighbury Nexus
=336  \\$atext$2rdacontent
=337  \\$aunmediated$2rdamedia
=338  \\$avolume$2rdacarrier
=540  \\$aCurrent Copyright Fee: GBP25.00$c0$5Uk
=985  \\$aISSN suppressed 9.5.06. Double assignment with ISSN 0264-2344
=ACF  \\$aPrevious Copyright Fee: GBP12.00$c0$e01-apr-2012$fGBP12.00$g0$hC$5Uk
=ACF  \\$aPrevious Copyright Fee: GBP12.00$c0$e01-jan-2012$fGBP12.00$g0$hC$5Uk
=ACF  \\$aPrevious Copyright Fee: GBP10.50$c0$e01-oct-2011$fGBP10.50$g0$hC$5Uk
=ACF  \\$aPrevious Copyright Fee: GBP10.50$c0$e01-jul-2011$fGBP10.50$g0$hC$5Uk
=ACF  \\$aPrevious Copyright Fee: GBP10.50$c0$e01-apr-2011$fGBP10.50$g0$hC$5Uk
=ACF  \\$aPrevious Copyright Fee: GBP10.50$c0$e01-jan-2011$fGBP10.50$g0$hC$5Uk
=ACF  \\$aPrevious Copyright Fee: GBP9.00$c0$e01-oct-2010$fGBP9.00$g0$hC$5Uk
=ACF  \\$aPrevious Copyright Fee: GBP9.00$c0$e01-jul-2010$fGBP9.00$g0$hC$5Uk
=ACF  \\$aPrevious Copyright Fee: GBP9.00$c0$e01-apr-2010$fGBP9.00$g0$hC$5Uk
=ACF  \\$aPrevious Copyright Fee: GBP9.00$c0$e01-Jan-2010$fGBP9.00$g0$hC$5Uk
=ACF  \\$aPrevious Copyright Fee: GBP6.00$c0$e01-oct-2009$fGBP6.00$g0$hC$5Uk
=ACF  \\$aPrevious Copyright Fee: GBP6.00$c0$e01-jul-2009$fGBP6.00$g0$hC$5Uk
=ACF  \\$aPrevious Copyright Fee: GBP6.00$c0$e01-apr-2009$fGBP6.00$g0$hC$5Uk
=ACF  \\$aPrevious Copyright Fee: GBP6.00$c0$e01-jan-2009$fGBP6.00$g0$hC$5Uk
=ACF  \\$aPrevious Copyright Fee: GBP6.00$c0$e01-oct-2008$fGBP6.00$g0$hC$5Uk
=ACF  \\$aPrevious Copyright Fee: GBP6.00$c0$e01-jul-2008$fGBP6.00$g0$hC$5Uk
=ACF  \\$aPrevious Copyright Fee: GBP6.00$c0$e01-apr-2008$fGBP6.00$g0$hC$5Uk
=ACF  \\$aPrevious Copyright Fee: GBP6.00$c0$e01-jan-2008$fGBP6.00$g0$hC$5Uk
=ACF  \\$aPrevious Copyright Fee: GBP5.00$c0$e01-oct-2007$fGBP5.00$g0$hC$5Uk
=ACF  \\$aPrevious Copyright Fee: GBP5.00$c0$e01-jul-2007$fGBP5.00$g0$hC$5Uk
=ACF  \\$aPrevious Copyright Fee: GBP5.00$c0$e01-apr-2007$fGBP5.00$g0$hC$5Uk
=ACF  \\$aPrevious Copyright Fee: GBP5.00$c0$e01-jan-2007$fGBP5.00$g0$hC$5Uk
=ACF  \\$aPrevious Copyright Fee: GBP12.00$c0$e01-jul-2012$fGBP12.00$g0$hC$5Uk
=ACF  \\$aPrevious Copyright Fee: GBP12.00$c0$e01-oct-2012$fGBP12.00$g0$hC$5Uk
=ACF  \\$aPrevious Copyright Fee: GBP12.30$c0$e01-jan-2014$fGBP12.30$g0$hC$5Uk
=ACF  \\$aPrevious Copyright Fee: GBP15.00$c0$e01-jan-2017$fGBP15.00$g0$hC$5Uk
=ACF  \\$aPrevious Copyright Fee: GBP17.50$c0$e01-jan-2018$fGBP17.50$g0$hC$5Uk
=ACF  \\$aPrevious Copyright Fee: GBP20.00$c0$e01-jan-2020$fGBP20.00$g0$hC$5Uk
=ACF  \\$aPrevious Copyright Fee: GBP22.50$c0$e01-jan-2021$fGBP22.50$g0$hC$5Uk
=CAT  \\$a11316$b40$c20060511$lBLL01$h0910
=CAT  \\$aIPL-CLA$c20110630$lBLL01$h1546
=CAT  \\$aBATCH-CLA$b00$c20110831$lBLL01$h1810
=CAT  \\$aIPL-CLA$c20110930$lBLL01$h1550
=CAT  \\$aBATCH-CLA$b00$c20111130$lBLL01$h1221
=CAT  \\$aIPL-CLA$c20111230$lBLL01$h2024
=CAT  \\$aBATCH-CLA$b00$c20120229$lBLL01$h1636
=CAT  \\$aIPL-CLA$c20120330$lBLL01$h1437
=CAT  \\$aBATCH-CLA$b00$c20120531$lBLL01$h1712
=CAT  \\$aIPL-CLA$c20120629$lBLL01$h1036
=CAT  \\$aBATCH-CLA$b00$c20120831$lBLL01$h1539
=CAT  \\$aIPL-CLA$c20120930$lBLL01$h2125
=CAT  \\$aBATCH-UPD$b00$c20121030$lBLL01$h1628
=CAT  \\$aBATCH-CLA$b00$c20121109$lBLL01$h1727
=CAT  \\$aBATCH-CLA$b00$c20131129$lBLL01$h1648
=CAT  \\$aIPL-CLA$c20140101$lBLL01$h0003
=CAT  \\$aBATCH-CLA$b00$c20161130$lBLL01$h1638
=CAT  \\$aIPL-CLA$c20161230$lBLL01$h2157
=CAT  \\$aBATCH-CLA$b00$c20171130$lBLL01$h1648
=CAT  \\$aIPL-CLA$c20171231$lBLL01$h1654
=CAT  \\$aBATCH-CLA$b00$c20191129$lBLL01$h1625
=CAT  \\$aIPL-CLA$c20191231$lBLL01$h1939
=CAT  \\$aBATCH-CLA$b00$c20201126$lBLL01$h1415
=CAT  \\$aIPL-CLA$c20201231$lBLL01$h2210
=CAT  \\$aBATCH-CLA$b00$c20221130$lBLL01$h1447
=CAT  \\$aIPL-CLA$c20221231$lBLL01$h2122
=CAT  \\$aBATCH-CLA$b00$c20230209$lBLL01$h1534
=CAT  \\$aIPL-CLA$c20230210$lBLL01$h0104
=CFI  0\$aCurrent Copyright Fee: GBP25.00$c0$e09-feb-2023$fGBP25.00$g0$hC$5Uk
=CFI  2\$aBritish Library not licensed to copy$c0$e01-jan-2023$hC$iCFP Excluded$5Uk
=FMT  \\$a  SE
=LAS  \\$aIPL-CLA$b00$c20230210$lBLL01$h0104
=STA  \\$aSUPPRESSED$bISSN
=TCO  \\$aCLA$bCLA$c008

