=LDR  00857 as a22003018i 4500
=001  020268728
=003  Uk
=005  20211104082758.0
=007  ta
=008  210722c20219999enkar\p\\\\\\\0\\\a0eng\\
=022  0\$a2754-2297$202
=040  \\$aUk$beng$cUk$erda
=042  \\$axisssnuk
=222  \0$aMemory Lane Swansea City special
=245  00$aMemory Lane Swansea City special.
=263  \\$a202108
=264  \1$aLondon :$bReach PLC
=310  \\$aAnnual
=336  \\$atext$2rdacontent
=337  \\$aunmediated$2rdamedia
=338  \\$avolume$2rdacarrier
=985  \\$aISSN suppressed 1/11/21. Not published.
=985  \\$aISSN record only. Do not merge. Do not add items.
=CAT  \\$a10806$b40$c20210722$lBLL01$h0733
=CAT  \\$a11130$b40$c20211104$lBLL01$h0827
=FMT  \\$a  SE
=LAS  \\$a11130$b40$c20211104$lBLL01$h0827
=STA  \\$aSUPPRESSED$bISSN

